
# A
@article{anderson2008end,
  title={The end of theory: The data deluge makes the scientific method obsolete},
  author={Anderson, Chris},
  journal={Wired magazine},
  volume={16},
  number={7},
  pages={16--07},
  year={2008}
}

@article{athey2016recursive,
  title={Recursive partitioning for heterogeneous causal effects},
  author={Athey, Susan and Imbens, Guido},
  journal={Proceedings of the National Academy of Sciences},
  volume={113},
  number={27},
  pages={7353--7360},
  year={2016},
  publisher={National Acad Sciences}
}

# B

@inproceedings{berger1988likelihood,
  title={The likelihood principle},
  author={Berger, James O and Wolpert, Robert L},
  year={1988},
  organization={IMS}
}

@article{birnbaum1962foundations,
  title={On the foundations of statistical inference},
  author={Birnbaum, Allan},
  journal={Journal of the American Statistical Association},
  volume={57},
  number={298},
  pages={269--306},
  year={1962},
  publisher={Taylor \& Francis}
}


@article{blei2017variational,
  title={Variational inference: A review for statisticians},
  author={Blei, David M and Kucukelbir, Alp and McAuliffe, Jon D},
  journal={Journal of the American statistical Association},
  volume={112},
  number={518},
  pages={859--877},
  year={2017},
  publisher={Taylor \& Francis}
}

@article{breiman2001statistical,
  title={Statistical modeling: The two cultures (with comments and a rejoinder by the author)},
  author={Breiman, Leo},
  journal={Statistical science},
  volume={16},
  number={3},
  pages={199--231},
  year={2001},
  publisher={Institute of Mathematical Statistics}
}

# C

@inproceedings{caruana2015intelligible,
  title={Intelligible models for healthcare: Predicting pneumonia risk and hospital 30-day readmission},
  author={Caruana, Rich and Lou, Yin and Gehrke, Johannes and Koch, Paul and Sturm, Marc and Elhadad, Noemie},
  booktitle={Proceedings of the 21th ACM SIGKDD international conference on knowledge discovery and data mining},
  pages={1721--1730},
  year={2015}
}

@inproceedings{cirecsan2011committee,
  title={A committee of neural networks for traffic sign classification},
  author={Cire{\c{s}}an, Dan and Meier, Ueli and Masci, Jonathan and Schmidhuber, J{\"u}rgen},
  booktitle={The 2011 international joint conference on neural networks},
  pages={1918--1921},
  year={2011},
  organization={IEEE}
}


@inproceedings{chen2018recurrent,
  title={Recurrent attentional reinforcement learning for multi-label image recognition},
  author={Chen, Tianshui and Wang, Zhouxia and Li, Guanbin and Lin, Liang},
  booktitle={Proceedings of the AAAI conference on artificial intelligence},
  volume={32},
  number={1},
  year={2018}
}

# D

# E

# F

# G

@book{gandenberger2016not,
  title={Why I am not a likelihoodist},
  author={Gandenberger, Greg},
  year={2016},
  publisher={Ann Arbor, MI: Michigan Publishing, University of Michigan Library}
}

@inproceedings{gu2017deep,
  title={Deep reinforcement learning for robotic manipulation with asynchronous off-policy updates},
  author={Gu, Shixiang and Holly, Ethan and Lillicrap, Timothy and Levine, Sergey},
  booktitle={2017 IEEE international conference on robotics and automation (ICRA)},
  pages={3389--3396},
  year={2017},
  organization={IEEE}
}


# H

@article{hacking1965logic,
  title={Logic of Statistical Inference},
  author={Hacking, Ian},
  year={1965}
}

@book{hastie2009elements,
  title={The elements of statistical learning: data mining, inference, and prediction},
  author={Hastie, Trevor and Tibshirani, Robert and Friedman, Jerome H and Friedman, Jerome H},
  volume={2},
  year={2009},
  publisher={Springer}
}

@misc{hernan2010causal,
  title={Causal inference},
  author={Hern{\'a}n, Miguel A and Robins, James M},
  year={2010},
  publisher={CRC Boca Raton, FL}
}


@article{hornik1989multilayer,
  title={Multilayer feedforward networks are universal approximators},
  author={Hornik, Kurt and Stinchcombe, Maxwell and White, Halbert},
  journal={Neural networks},
  volume={2},
  number={5},
  pages={359--366},
  year={1989},
  publisher={Elsevier}
}

# I


@article{ILSVRC15,
  Author = {Olga Russakovsky and Jia Deng and Hao Su and Jonathan Krause and Sanjeev Satheesh and Sean Ma and Zhiheng Huang and Andrej Karpathy and Aditya Khosla and Michael Bernstein and Alexander C. Berg and Li Fei-Fei},
  Title = {{ImageNet Large Scale Visual Recognition Challenge}},
  Year = {2015},
  journal   = {International Journal of Computer Vision (IJCV)},
  doi = {10.1007/s11263-015-0816-y},
  volume={115},
  number={3},
  pages={211-252}
}


@article{ioannidis2005most,
  title={Why most published research findings are false},
  author={Ioannidis, John PA},
  journal={PLoS medicine},
  volume={2},
  number={8},
  pages={e124},
  year={2005},
  publisher={Public Library of Science}
}

# J

# K

@article{kao2001alcohol,
  title={Alcohol consumption and the risk of type 2 diabetes mellitus: atherosclerosis risk in communities study},
  author={Kao, WH Linda and Puddey, Ian B and Boland, Lori L and Watson, Robert L and Brancati, Frederick L},
  journal={American journal of epidemiology},
  volume={154},
  number={8},
  pages={748--757},
  year={2001},
  publisher={Oxford University Press}
}


@article{krizhevsky2012imagenet,
  title={Imagenet classification with deep convolutional neural networks},
  author={Krizhevsky, Alex and Sutskever, Ilya and Hinton, Geoffrey E},
  journal={Advances in neural information processing systems},
  volume={25},
  year={2012}
}

@article{kiran2021deep,
  title={Deep reinforcement learning for autonomous driving: A survey},
  author={Kiran, B Ravi and Sobh, Ibrahim and Talpaert, Victor and Mannion, Patrick and Al Sallab, Ahmad A and Yogamani, Senthil and P{\'e}rez, Patrick},
  journal={IEEE Transactions on Intelligent Transportation Systems},
  year={2021},
  publisher={IEEE}
}


# L 

@article{lapuschkin2019unmasking,
  title={Unmasking Clever Hans predictors and assessing what machines really learn},
  author={Lapuschkin, Sebastian and W{\"a}ldchen, Stephan and Binder, Alexander and Montavon, Gr{\'e}goire and Samek, Wojciech and M{\"u}ller, Klaus-Robert},
  journal={Nature communications},
  volume={10},
  number={1},
  pages={1--8},
  year={2019},
  publisher={Nature Publishing Group}
}

@article{lazer2014parable,
  title={The parable of Google Flu: traps in big data analysis},
  author={Lazer, David and Kennedy, Ryan and King, Gary and Vespignani, Alessandro},
  journal={Science},
  volume={343},
  number={6176},
  pages={1203--1205},
  year={2014},
  publisher={American Association for the Advancement of Science}
}

@article{lehman2020surprising,
  title={The surprising creativity of digital evolution: A collection of anecdotes from the evolutionary computation and artificial life research communities},
  author={Lehman, Joel and Clune, Jeff and Misevic, Dusan and Adami, Christoph and Altenberg, Lee and Beaulieu, Julie and Bentley, Peter J and Bernard, Samuel and Beslon, Guillaume and Bryson, David M and others},
  journal={Artificial life},
  volume={26},
  number={2},
  pages={274--306},
  year={2020},
  publisher={MIT Press One Rogers Street, Cambridge, MA 02142-1209, USA journals-info~…}
}


@article{li2019transforming,
  title={Transforming cooling optimization for green data center via deep reinforcement learning},
  author={Li, Yuanlong and Wen, Yonggang and Tao, Dacheng and Guan, Kyle},
  journal={IEEE transactions on cybernetics},
  volume={50},
  number={5},
  pages={2002--2013},
  year={2019},
  publisher={IEEE}
}


# M

@book{mcelreath2020statistical,
  title={Statistical rethinking: A Bayesian course with examples in R and Stan},
  author={McElreath, Richard},
  year={2020},
  publisher={Chapman and Hall/CRC}
}

@book{murphy2012machine,
  title={Machine learning: a probabilistic perspective},
  author={Murphy, Kevin P},
  year={2012},
  publisher={MIT press}
}

# N 

# O

# P

@article{pearl2009causal,
  title={Causal inference in statistics: An overview},
  author={Pearl, Judea},
  journal={Statistics surveys},
  volume={3},
  pages={96--146},
  year={2009},
  publisher={Amer. Statist. Assoc., the Bernoulli Soc., the Inst. Math. Statist., and the~…}
}

@article{pearl2012calculus,
  title={The do-calculus revisited},
  author={Pearl, Judea},
  journal={arXiv preprint arXiv:1210.4852},
  year={2012}
}


# Different types of hypotheses tests
@article{perezgonzalez2015fisher,
  title={Fisher, Neyman-Pearson or NHST? A tutorial for teaching data testing},
  author={Perezgonzalez, Jose D},
  journal={Frontiers in psychology},
  pages={223},
  year={2015},
  publisher={Frontiers}
}

# R

@inproceedings{ribeiro2016should,
  title={" Why should i trust you?" Explaining the predictions of any classifier},
  author={Ribeiro, Marco Tulio and Singh, Sameer and Guestrin, Carlos},
  booktitle={Proceedings of the 22nd ACM SIGKDD international conference on knowledge discovery and data mining},
  pages={1135--1144},
  year={2016}
}


@book{richard2017statistical,
  title={Statistical evidence: a likelihood paradigm},
  author={Richard, Royall},
  year={2017},
  publisher={Routledge}
}

# S

@article{sekhon2008neyman,
  title={The Neyman-Rubin model of causal inference and estimation via matching methods},
  author={Sekhon, Jasjeet S},
  journal={The Oxford handbook of political methodology},
  volume={2},
  pages={1--32},
  year={2008},
  publisher={Citeseer}
}

@article{silver2016mastering,
  title={Mastering the game of Go with deep neural networks and tree search},
  author={Silver, David and Huang, Aja and Maddison, Chris J and Guez, Arthur and Sifre, Laurent and Van Den Driessche, George and Schrittwieser, Julian and Antonoglou, Ioannis and Panneershelvam, Veda and Lanctot, Marc and others},
  journal={nature},
  volume={529},
  number={7587},
  pages={484--489},
  year={2016},
  publisher={Nature Publishing Group}
}


@book{sutton2018reinforcement,
  title={Reinforcement learning: An introduction},
  author={Sutton, Richard S and Barto, Andrew G},
  year={2018},
  publisher={MIT press}
}


# T

@article{tiao1973some,
  title={Some comments on “Bayes” estimators},
  author={Tiao, George C and Box, George EP},
  journal={The American Statistician},
  volume={27},
  number={1},
  pages={12--14},
  year={1973},
  publisher={Taylor \& Francis}
}

# U

# V

# W

@article{wang2018outline,
  title={Outline objects using deep reinforcement learning},
  author={Wang, Zhenxin and Sarcar, Sayan and Liu, Jingxin and Zheng, Yilin and Ren, Xiangshi},
  journal={arXiv preprint arXiv:1804.04603},
  year={2018}
}


@article{weisberg2007modeler,
  title={Who is a Modeler?},
  author={Weisberg, Michael},
  journal={The British journal for the philosophy of science},
  volume={58},
  number={2},
  pages={207--233},
  year={2007},
  publisher={Oxford University Press}
}

@book{weisberg2012simulation,
  title={Simulation and similarity: Using models to understand the world},
  author={Weisberg, Michael},
  year={2012},
  publisher={Oxford University Press}
}

# X

# Y

@book{yang1996catalog,
  title={A catalog of noninformative priors},
  author={Yang, Ruoyong and Berger, James O},
  year={1996},
  publisher={Institute of Statistics and Decision Sciences, Duke University Durham, NC, USA}
}

# Z

